@ARTICLE{ maccarone14,
   author = {{Maccarone}, T.~J. and {Lehmer}, B.~D. and {Leyder}, J.~C. and 
	{Antoniou}, V. and {Hornschemeier}, A. and {Ptak}, A. and {Wik}, D. and 
	{Zezas}, A.},
    title = "{A new candidate Wolf-Rayet X-ray binary in NGC 253}",
  journal = {\mnras},
archivePrefix = "arXiv",
   eprint = {1401.5425},
 primaryClass = "astro-ph.HE",
 keywords = {stars: Wolf-Rayet, galaxies: individual: NGC 253, galaxies: starburst, X-rays: binaries},
     year = 2014,
    month = apr,
   volume = 439,
    pages = {3064-3072},
      doi = {10.1093/mnras/stu167},
   adsurl = {http://cdsads.u-strasbg.fr/abs/2014MNRAS.439.3064M},
  adsnote = {Provided by the SAO/NASA Astrophysics Data System}
}

@ARTICLE{ belczynski13,
   author = {{Belczynski}, K. and {Bulik}, T. and {Mandel}, I. and {Sathyaprakash}, B.~S. and 
	{Zdziarski}, A.~A. and {Miko{\l}ajewska}, J.},
    title = "{Cyg X-3: A Galactic Double Black Hole or Black-hole-Neutron-star Progenitor}",
  journal = {\apj},
archivePrefix = "arXiv",
   eprint = {1209.2658},
 primaryClass = "astro-ph.HE",
 keywords = {binaries: general, stars: neutron, X-rays: binaries},
     year = 2013,
    month = feb,
   volume = 764,
      eid = {96},
    pages = {96},
      doi = {10.1088/0004-637X/764/1/96},
   adsurl = {http://cdsads.u-strasbg.fr/abs/2013ApJ...764...96B},
  adsnote = {Provided by the SAO/NASA Astrophysics Data System}
}

@ARTICLE{ vasilopoulos16,
   author = {{Vasilopoulos}, G. and {Haberl}, F. and {Delvaux}, C. and {Sturm}, R. and 
	{Udalski}, A.},
    title = "{Multi-wavelength properties of IGR J05007-7047 (LXP 38.55) and identification as a Be X-ray binary pulsar in the LMC}",
  journal = {\mnras},
archivePrefix = "arXiv",
   eprint = {1606.04827},
 primaryClass = "astro-ph.HE",
 keywords = {stars: neutron, pulsars: individual: LXP 38.55, Magellanic Clouds, X-rays: binaries, X-rays: individual: IGR J05007-7047, X-rays: individual: LXP 38.55},
     year = 2016,
    month = sep,
   volume = 461,
    pages = {1875-1884},
      doi = {10.1093/mnras/stw1408},
   adsurl = {http://cdsads.u-strasbg.fr/abs/2016MNRAS.461.1875V},
  adsnote = {Provided by the SAO/NASA Astrophysics Data System}
}

@ARTICLE{ fabbiano06,
   author = {{Fabbiano}, G.},
    title = "{Populations of X-Ray Sources in Galaxies}",
  journal = {\araa},
   eprint = {astro-ph/0511481},
     year = 2006,
    month = sep,
   volume = 44,
    pages = {323-366},
      doi = {10.1146/annurev.astro.44.051905.092519},
   adsurl = {http://cdsads.u-strasbg.fr/abs/2006ARA%26A..44..323F},
  adsnote = {Provided by the SAO/NASA Astrophysics Data System}
}

@ARTICLE{ feng11,
   author = {{Feng}, H. and {Soria}, R.},
    title = "{Ultraluminous X-ray sources in the Chandra and XMM-Newton era}",
  journal = {\nar},
archivePrefix = "arXiv",
   eprint = {1109.1610},
 primaryClass = "astro-ph.HE",
     year = 2011,
    month = nov,
   volume = 55,
    pages = {166-183},
      doi = {10.1016/j.newar.2011.08.002},
   adsurl = {http://cdsads.u-strasbg.fr/abs/2011NewAR..55..166F},
  adsnote = {Provided by the SAO/NASA Astrophysics Data System}
}

@ARTICLE{ maravelias14,
   author = {{Maravelias}, G. and {Zezas}, A. and {Antoniou}, V. and {Hatzidimitriou}, D.
	},
    title = "{Optical spectra of five new Be/X-ray binaries in the Small Magellanic Cloud and the link of the supergiant B[e] star LHA 115-S 18 with an X-ray source}",
  journal = {\mnras},
archivePrefix = "arXiv",
   eprint = {1312.0593},
 primaryClass = "astro-ph.HE",
 keywords = {stars: emission-line, Be, stars: individual: LHA 115-S 18, Galaxy: stellar content, galaxies: individual, Magellanic Clouds, X-rays: binaries},
     year = 2014,
    month = mar,
   volume = 438,
    pages = {2005-2025},
      doi = {10.1093/mnras/stt2302},
   adsurl = {http://cdsads.u-strasbg.fr/abs/2014MNRAS.438.2005M},
  adsnote = {Provided by the SAO/NASA Astrophysics Data System}
}

@ARTICLE{ mcbride08,
   author = {{McBride}, V.~A. and {Coe}, M.~J. and {Negueruela}, I. and {Schurch}, M.~P.~E. and 
	{McGowan}, K.~E.},
    title = "{Spectral distribution of Be/X-ray binaries in the Small Magellanic Cloud}",
  journal = {\mnras},
archivePrefix = "arXiv",
   eprint = {0805.0008},
 keywords = {binaries: general , emission-line, Be , Magellanic Clouds},
     year = 2008,
    month = aug,
   volume = 388,
    pages = {1198-1204},
      doi = {10.1111/j.1365-2966.2008.13410.x},
   adsurl = {http://cdsads.u-strasbg.fr/abs/2008MNRAS.388.1198M},
  adsnote = {Provided by the SAO/NASA Astrophysics Data System}
}

@ARTICLE{ hilditch05,
   author = {{Hilditch}, R.~W. and {Howarth}, I.~D. and {Harries}, T.~J.},
    title = "{Forty eclipsing binaries in the Small Magellanic Cloud: fundamental parameters and Cloud distance}",
  journal = {\mnras},
   eprint = {astro-ph/0411672},
 keywords = {binaries: close, binaries: eclipsing, binaries: general, binaries: spectroscopic, Magellanic Clouds},
     year = 2005,
    month = feb,
   volume = 357,
    pages = {304-324},
      doi = {10.1111/j.1365-2966.2005.08653.x},
   adsurl = {http://cdsads.u-strasbg.fr/abs/2005MNRAS.357..304H},
  adsnote = {Provided by the SAO/NASA Astrophysics Data System}
}

@ARTICLE{ timmes96,
   author = {{Timmes}, F.~X. and {Woosley}, S.~E. and {Weaver}, T.~A.},
    title = "{The Neutron Star and Black Hole Initial Mass Function}",
  journal = {\apj},
   eprint = {astro-ph/9510136},
 keywords = {BLACK HOLE PHYSICS, STARS: EVOLUTION, STARS: LUMINOSITY FUNCTION, MASS FUNCTION, STARS: NEUTRON, STARS: STATISTICS},
     year = 1996,
    month = feb,
   volume = 457,
    pages = {834},
      doi = {10.1086/176778},
   adsurl = {http://cdsads.u-strasbg.fr/abs/1996ApJ...457..834T},
  adsnote = {Provided by the SAO/NASA Astrophysics Data System}
}

@ARTICLE{ belczynski08,
   author = {{Belczynski}, K. and {Kalogera}, V. and {Rasio}, F.~A. and {Taam}, R.~E. and 
	{Zezas}, A. and {Bulik}, T. and {Maccarone}, T.~J. and {Ivanova}, N.
	},
    title = "{Compact Object Modeling with the StarTrack Population Synthesis Code}",
  journal = {\apjs},
   eprint = {astro-ph/0511811},
 keywords = {binaries: close, black hole physics, stars: evolution, stars: neutron, white dwarfs, X-rays: binaries },
     year = 2008,
    month = jan,
   volume = 174,
      eid = {223-260},
    pages = {223-260},
      doi = {10.1086/521026},
   adsurl = {http://cdsads.u-strasbg.fr/abs/2008ApJS..174..223B},
  adsnote = {Provided by the SAO/NASA Astrophysics Data System}
}

@ARTICLE{ belczynski10,
   author = {{Belczynski}, K. and {Bulik}, T. and {Fryer}, C.~L. and {Ruiter}, A. and 
	{Valsecchi}, F. and {Vink}, J.~S. and {Hurley}, J.~R.},
    title = "{On the Maximum Mass of Stellar Black Holes}",
  journal = {\apj},
archivePrefix = "arXiv",
   eprint = {0904.2784},
 primaryClass = "astro-ph.SR",
 keywords = {binaries: close, black hole physics, gravitational waves, stars: evolution, stars: neutron},
     year = 2010,
    month = may,
   volume = 714,
    pages = {1217-1226},
      doi = {10.1088/0004-637X/714/2/1217},
   adsurl = {http://cdsads.u-strasbg.fr/abs/2010ApJ...714.1217B},
  adsnote = {Provided by the SAO/NASA Astrophysics Data System}
}

@ARTICLE{ sorensen16,
   author = {{S{\o}rensen}, M. and {Fragos}, T. and {Steiner}, J.~F. and 
	{Antoniou}, V. and {Meynet}, G. and {Dosopoulou}, F.},
    title = "{Unraveling the Formation History of the Black Hole X-ray Binary LMC X-3 from ZAMS to Present}",
  journal = {ArXiv e-prints},
archivePrefix = "arXiv",
   eprint = {1605.06808},
 primaryClass = "astro-ph.HE",
 keywords = {Astrophysics - High Energy Astrophysical Phenomena, Astrophysics - Solar and Stellar Astrophysics},
     year = 2016,
    month = may,
   adsurl = {http://cdsads.u-strasbg.fr/abs/2016arXiv160506808S},
  adsnote = {Provided by the SAO/NASA Astrophysics Data System}
}

@ARTICLE{ abt83,
   author = {{Abt}, H.~A.},
    title = "{Normal and abnormal binary frequencies}",
  journal = {\araa},
 keywords = {Binary Stars, Frequency Distribution, Giant Stars, Main Sequence Stars, Periodic Variations, A Stars, B Stars, Dwarf Stars, Late Stars, O Stars, Stellar Evolution, Stellar Spectrophotometry, Subgiant Stars},
     year = 1983,
   volume = 21,
    pages = {343-372},
      doi = {10.1146/annurev.aa.21.090183.002015},
   adsurl = {http://cdsads.u-strasbg.fr/abs/1983ARA%26A..21..343A},
  adsnote = {Provided by the SAO/NASA Astrophysics Data System}
}

@ARTICLE{ ge15,
   author = {{Ge}, H. and {Webbink}, R.~F. and {Chen}, X. and {Han}, Z.},
    title = "{Adiabatic Mass Loss in Binary Stars. II. From Zero-age Main Sequence to the Base of the Giant Branch}",
  journal = {\apj},
archivePrefix = "arXiv",
   eprint = {1507.04843},
 primaryClass = "astro-ph.SR",
 keywords = {binaries: close, stars: evolution, stars: interiors, stars: mass-loss},
     year = 2015,
    month = oct,
   volume = 812,
      eid = {40},
    pages = {40},
      doi = {10.1088/0004-637X/812/1/40},
   adsurl = {http://cdsads.u-strasbg.fr/abs/2015ApJ...812...40G},
  adsnote = {Provided by the SAO/NASA Astrophysics Data System}
}

@ARTICLE{ pavlovskii15,
   author = {{Pavlovskii}, K. and {Ivanova}, N.},
    title = "{Mass transfer from giant donors}",
  journal = {\mnras},
archivePrefix = "arXiv",
   eprint = {1410.5109},
 primaryClass = "astro-ph.SR",
 keywords = {instabilities, methods: numerical, binaries: close, stars: evolution, stars: mass-loss},
     year = 2015,
    month = jun,
   volume = 449,
    pages = {4415-4427},
      doi = {10.1093/mnras/stv619},
   adsurl = {http://cdsads.u-strasbg.fr/abs/2015MNRAS.449.4415P},
  adsnote = {Provided by the SAO/NASA Astrophysics Data System}
}

@ARTICLE{ ge10,
   author = {{Ge}, H. and {Hjellming}, M.~S. and {Webbink}, R.~F. and {Chen}, X. and 
	{Han}, Z.},
    title = "{Adiabatic Mass Loss in Binary Stars. I. Computational Method}",
  journal = {\apj},
archivePrefix = "arXiv",
   eprint = {1005.3099},
 primaryClass = "astro-ph.SR",
 keywords = {binaries: close, stars: evolution, stars: interiors, stars: mass-loss},
     year = 2010,
    month = jul,
   volume = 717,
    pages = {724-738},
      doi = {10.1088/0004-637X/717/2/724},
   adsurl = {http://cdsads.u-strasbg.fr/abs/2010ApJ...717..724G},
  adsnote = {Provided by the SAO/NASA Astrophysics Data System}
}

@ARTICLE{ hjellming87,
   author = {{Hjellming}, M.~S. and {Webbink}, R.~F.},
    title = "{Thresholds for rapid mass transfer in binary systems. I - Polytropic models}",
  journal = {\apj},
 keywords = {Binary Stars, Mass Transfer, Polytropic Processes, Stellar Mass Ejection, Stellar Models, Adiabatic Conditions, Main Sequence Stars, Stellar Envelopes, Stellar Evolution, Stellar Mass Accretion, Tables (Data)},
     year = 1987,
    month = jul,
   volume = 318,
    pages = {794-808},
      doi = {10.1086/165412},
   adsurl = {http://cdsads.u-strasbg.fr/abs/1987ApJ...318..794H},
  adsnote = {Provided by the SAO/NASA Astrophysics Data System}
}

@ARTICLE{ kalogera00,
   author = {{Kalogera}, V.},
    title = "{Spin-Orbit Misalignment in Close Binaries with Two Compact Objects}",
  journal = {\apj},
   eprint = {astro-ph/9911417},
 keywords = {Stars: Binaries: Close, Gravitation, Relativity, Stars: Supernovae: General},
     year = 2000,
    month = sep,
   volume = 541,
    pages = {319-328},
      doi = {10.1086/309400},
   adsurl = {http://cdsads.u-strasbg.fr/abs/2000ApJ...541..319K},
  adsnote = {Provided by the SAO/NASA Astrophysics Data System}
}

@INPROCEEDINGS{ kalogera01,
   author = {{Kalogera}, V. and {Belczynski}, K.},
    title = "{Binary Population Synthesis: Methods, Normalization and Surprises}",
booktitle = {The Influence of Binaries on Stellar Population Studies},
     year = 2001,
   series = {Astrophysics and Space Science Library},
   volume = 264,
   eprint = {astro-ph/0102229},
   editor = {{Vanbeveren}, D.},
    pages = {447},
      doi = {10.1007/978-94-015-9723-4_32},
   adsurl = {http://cdsads.u-strasbg.fr/abs/2001ASSL..264..447K},
  adsnote = {Provided by the SAO/NASA Astrophysics Data System}
}

@ARTICLE{ politano96,
   author = {{Politano}, M.},
    title = "{Theoretical Statistics of Zero-Age Cataclysmic Variables}",
  journal = {\apj},
 keywords = {STARS: BINARIES: CLOSE, STARS: NOVAE, CATACLYSMIC VARIABLES, STARS: EVOLUTION, STARS: STATISTICS, STARS: WHITE DWARFS},
     year = 1996,
    month = jul,
   volume = 465,
    pages = {338},
      doi = {10.1086/177423},
   adsurl = {http://cdsads.u-strasbg.fr/abs/1996ApJ...465..338P},
  adsnote = {Provided by the SAO/NASA Astrophysics Data System}
}

@ARTICLE{ kolb93,
   author = {{Kolb}, U.},
    title = "{A model for the intrinsic population of cataclysmic variables}",
  journal = {\aap},
 keywords = {binaries: close, stars: evolution, novae, cataclysmic variables},
     year = 1993,
    month = apr,
   volume = 271,
    pages = {149},
   adsurl = {http://cdsads.u-strasbg.fr/abs/1993A%26A...271..149K},
  adsnote = {Provided by the SAO/NASA Astrophysics Data System}
}

@ARTICLE{ kalogera98,
   author = {{Kalogera}, V. and {Webbink}, R.~F.},
    title = "{Formation of Low-Mass X-Ray Binaries. II. Common Envelope Evolution of Primordial Binaries with Extreme Mass Ratios}",
  journal = {\apj},
   eprint = {astro-ph/9708223},
 keywords = {STARS: BINARIES: CLOSE, STARS: EVOLUTION, STARS: INTERIORS, STARS: NEUTRON, X-RAYS: STARS, Stars: Binaries: Close, Stars: Evolution, Stars: Interiors, Stars: Neutron, X-Rays: Stars},
     year = 1998,
    month = jan,
   volume = 493,
    pages = {351-367},
      doi = {10.1086/305085},
   adsurl = {http://cdsads.u-strasbg.fr/abs/1998ApJ...493..351K},
  adsnote = {Provided by the SAO/NASA Astrophysics Data System}
}

@ARTICLE{ bhadkamkar14,
   author = {{Bhadkamkar}, H. and {Ghosh}, P.},
    title = "{Collective Properties of Neutron-star X-Ray Binary Populations of Galaxies. II. Pre-low-mass X-Ray Binary Properties, Formation Rates, and Constraints}",
  journal = {\apj},
archivePrefix = "arXiv",
   eprint = {1301.1269},
 primaryClass = "astro-ph.HE",
 keywords = {binaries: close, stars: evolution, stars: low-mass, stars: neutron, supernovae: general, X-rays: binaries, X-rays: galaxies},
     year = 2014,
    month = apr,
   volume = 784,
      eid = {97},
    pages = {97},
      doi = {10.1088/0004-637X/784/2/97},
   adsurl = {http://cdsads.u-strasbg.fr/abs/2014ApJ...784...97B},
  adsnote = {Provided by the SAO/NASA Astrophysics Data System}
}

@ARTICLE{ fragos15,
   author = {{Fragos}, T. and {Linden}, T. and {Kalogera}, V. and {Sklias}, P.
	},
    title = "{On the Formation of Ultraluminous X-Ray Sources with Neutron Star Accretors: The Case of M82 X-2}",
  journal = {\apjl},
archivePrefix = "arXiv",
   eprint = {1501.02679},
 primaryClass = "astro-ph.HE",
 keywords = {binaries: close, stars: neutron, X-rays: binaries},
     year = 2015,
    month = mar,
   volume = 802,
      eid = {L5},
    pages = {L5},
      doi = {10.1088/2041-8205/802/1/L5},
   adsurl = {http://adsabs.harvard.edu/abs/2015ApJ...802L...5F},
  adsnote = {Provided by the SAO/NASA Astrophysics Data System}
}

@ARTICLE{ tout97,
   author = {{Tout}, C.~A. and {Aarseth}, S.~J. and {Pols}, O.~R. and {Eggleton}, P.~P.
	},
    title = "{Rapid binary star evolution for N-body simulations and population synthesis}",
  journal = {\mnras},
 keywords = {Binary Stars, Stellar Evolution, Stellar Models, Populations, Computerized Simulation},
     year = 1997,
    month = nov,
   volume = 291,
    pages = {732},
      doi = {10.1093/mnras/291.4.732},
   adsurl = {http://cdsads.u-strasbg.fr/abs/1997MNRAS.291..732T},
  adsnote = {Provided by the SAO/NASA Astrophysics Data System}
}

@ARTICLE{ lehmer10,
   author = {{Lehmer}, B.~D. and {Alexander}, D.~M. and {Bauer}, F.~E. and 
	{Brandt}, W.~N. and {Goulding}, A.~D. and {Jenkins}, L.~P. and 
	{Ptak}, A. and {Roberts}, T.~P.},
    title = "{A Chandra Perspective on Galaxy-wide X-ray Binary Emission and its Correlation with Star Formation Rate and Stellar Mass: New Results from Luminous Infrared Galaxies}",
  journal = {\apj},
archivePrefix = "arXiv",
   eprint = {1009.3943},
 keywords = {cosmology: observations, galaxies: starburst, infrared: galaxies, X-rays: binaries, X-rays: galaxies},
     year = 2010,
    month = nov,
   volume = 724,
    pages = {559-571},
      doi = {10.1088/0004-637X/724/1/559},
   adsurl = {http://cdsads.u-strasbg.fr/abs/2010ApJ...724..559L},
  adsnote = {Provided by the SAO/NASA Astrophysics Data System}
}

@article{ dfm_corner,
    Author = {Daniel Foreman-Mackey},
    Doi = {10.21105/joss.00024},
    Title = {corner.py: Scatterplot matrices in Python},
    Journal = {The Journal of Open Source Software},
    Year = 2016,
    Volume = 24,
    Url = {http://dx.doi.org/10.5281/zenodo.45906}
}

@ARTICLE{ abbott16a,
   author = {{Abbott}, B.~P. and {Abbott}, R. and {Abbott}, T.~D. and {Abernathy}, M.~R. and 
	{Acernese}, F. and {Ackley}, K. and {Adams}, C. and {Adams}, T. and 
	{Addesso}, P. and {Adhikari}, R.~X. and et al.},
    title = "{Observation of Gravitational Waves from a Binary Black Hole Merger}",
  journal = {Physical Review Letters},
archivePrefix = "arXiv",
   eprint = {1602.03837},
 primaryClass = "gr-qc",
     year = 2016,
    month = feb,
   volume = 116,
   number = 6,
      eid = {061102},
    pages = {061102},
      doi = {10.1103/PhysRevLett.116.061102},
   adsurl = {http://cdsads.u-strasbg.fr/abs/2016PhRvL.116f1102A},
  adsnote = {Provided by the SAO/NASA Astrophysics Data System}
}

@ARTICLE{ abbott16b,
   author = {{Abbott}, B.~P. and {Abbott}, R. and {Abbott}, T.~D. and {Abernathy}, M.~R. and 
	{Acernese}, F. and {Ackley}, K. and {Adams}, C. and {Adams}, T. and 
	{Addesso}, P. and {Adhikari}, R.~X. and et al.},
    title = "{GW151226: Observation of Gravitational Waves from a 22-Solar-Mass Binary Black Hole Coalescence}",
  journal = {Physical Review Letters},
archivePrefix = "arXiv",
   eprint = {1606.04855},
 primaryClass = "gr-qc",
     year = 2016,
    month = jun,
   volume = 116,
   number = 24,
      eid = {241103},
    pages = {241103},
      doi = {10.1103/PhysRevLett.116.241103},
   adsurl = {http://cdsads.u-strasbg.fr/abs/2016PhRvL.116x1103A},
  adsnote = {Provided by the SAO/NASA Astrophysics Data System}
}

@ARTICLE{ belczynski16,
   author = {{Belczynski}, K. and {Holz}, D.~E. and {Bulik}, T. and {O'Shaughnessy}, R.
	},
    title = "{The first gravitational-wave source from the isolated evolution of two stars in the 40{\ndash}100 solar mass range}",
  journal = {\nat},
archivePrefix = "arXiv",
   eprint = {1602.04531},
 primaryClass = "astro-ph.HE",
     year = 2016,
    month = jun,
   volume = 534,
    pages = {512-515},
      doi = {10.1038/nature18322},
   adsurl = {http://cdsads.u-strasbg.fr/abs/2016Natur.534..512B},
  adsnote = {Provided by the SAO/NASA Astrophysics Data System}
}

@ARTICLE{ ables87,
   author = {{Ables}, J.~G. and {Jacka}, C.~E. and {Hall}, P.~J. and {Hamilton}, P.~A. and 
	{McConnell}, D. and {McCulloch}, P.~M.},
    title = "{PSR 0042-735}",
  journal = {\iaucirc},
     year = 1987,
    month = jul,
   volume = 4422,
   adsurl = {http://cdsads.u-strasbg.fr/abs/1987IAUC.4422....1A},
  adsnote = {Provided by the SAO/NASA Astrophysics Data System}
}

@ARTICLE{ galache08,
   author = {{Galache}, J.~L. and {Corbet}, R.~H.~D. and {Coe}, M.~J. and 
	{Laycock}, S. and {Schurch}, M.~P.~E. and {Markwardt}, C. and 
	{Marshall}, F.~E. and {Lochner}, J.},
    title = "{A Long Look at the Be/X-Ray Binaries of the Small Magellanic Cloud}",
  journal = {\apjs},
archivePrefix = "arXiv",
   eprint = {0802.2118},
 keywords = {galaxies: individual: Small Magellanic Cloud, pulsars: general, X-rays: binaries },
     year = 2008,
    month = jul,
   volume = 177,
      eid = {189-215},
    pages = {189-215},
      doi = {10.1086/587743},
   adsurl = {http://cdsads.u-strasbg.fr/abs/2008ApJS..177..189G},
  adsnote = {Provided by the SAO/NASA Astrophysics Data System}
}

@ARTICLE{ kaspi94,
   author = {{Kaspi}, V.~M. and {Johnston}, S. and {Bell}, J.~F. and {Manchester}, R.~N. and 
	{Bailes}, M. and {Bessell}, M. and {Lyne}, A.~G. and {D'Amico}, N.
	},
    title = "{A massive radio pulsar binary in the Small Magellanic Cloud}",
  journal = {\apjl},
 keywords = {Binary Stars, Doppler Effect, Luminosity, Magellanic Clouds, Optical Measurement, Progeny, Pulsars, Radio Astronomy, Radio Emission, Time Measurement, Charge Coupled Devices, Multispectral Tracking Telescopes, Radio Filters, Radio Telescopes, Telephotometry, Time Measuring Instruments},
     year = 1994,
    month = mar,
   volume = 423,
    pages = {L43-L45},
      doi = {10.1086/187231},
   adsurl = {http://cdsads.u-strasbg.fr/abs/1994ApJ...423L..43K},
  adsnote = {Provided by the SAO/NASA Astrophysics Data System}
}

@ARTICLE{ bhattacharya91,
   author = {{Bhattacharya}, D. and {van den Heuvel}, E.~P.~J.},
    title = "{Formation and evolution of binary and millisecond radio pulsars}",
  journal = {\physrep},
     year = 1991,
   volume = 203,
    pages = {1-124},
      doi = {10.1016/0370-1573(91)90064-S},
   adsurl = {http://cdsads.u-strasbg.fr/abs/1991PhR...203....1B},
  adsnote = {Provided by the SAO/NASA Astrophysics Data System}
}

@ARTICLE{ andrews15,
   author = {{Andrews}, J.~J. and {Farr}, W.~M. and {Kalogera}, V. and {Willems}, B.
	},
    title = "{Evolutionary Channels for the Formation of Double Neutron Stars}",
  journal = {\apj},
archivePrefix = "arXiv",
   eprint = {1410.6797},
 primaryClass = "astro-ph.SR",
 keywords = {binaries: close, pulsars: general, pulsars: individual: J0737{\ndash}3039 B1913+16 B1534+12},
     year = 2015,
    month = mar,
   volume = 801,
      eid = {32},
    pages = {32},
      doi = {10.1088/0004-637X/801/1/32},
   adsurl = {http://cdsads.u-strasbg.fr/abs/2015ApJ...801...32A},
  adsnote = {Provided by the SAO/NASA Astrophysics Data System}
}

@ARTICLE{ ihm06,
   author = {{Ihm}, C.~M. and {Kalogera}, V. and {Belczynski}, K.},
    title = "{Eccentricities of Double Neutron Star Binaries}",
  journal = {\apj},
   eprint = {astro-ph/0508626},
 keywords = {Stars: Binaries: Close, Stars: Binaries: General, Gravitational Waves, Stars: Pulsars: General, Stars: Neutron},
     year = 2006,
    month = nov,
   volume = 652,
    pages = {540-547},
      doi = {10.1086/507939},
   adsurl = {http://cdsads.u-strasbg.fr/abs/2006ApJ...652..540I},
  adsnote = {Provided by the SAO/NASA Astrophysics Data System}
}

@ARTICLE{ tanaka15,
   author = {{Tanaka}, M.},
    title = "{Photometric Redshift with Bayesian Priors on Physical Properties of Galaxies}",
  journal = {\apj},
archivePrefix = "arXiv",
   eprint = {1501.02047},
 keywords = {galaxies: distances and redshifts, surveys },
     year = 2015,
    month = mar,
   volume = 801,
      eid = {20},
    pages = {20},
      doi = {10.1088/0004-637X/801/1/20},
   adsurl = {http://cdsads.u-strasbg.fr/abs/2015ApJ...801...20T},
  adsnote = {Provided by the SAO/NASA Astrophysics Data System}
}

@ARTICLE{ krumholz15,
   author = {{Krumholz}, M.~R. and {Fumagalli}, M. and {da Silva}, R.~L. and 
	{Rendahl}, T. and {Parra}, J.},
    title = "{SLUG - stochastically lighting up galaxies - III. A suite of tools for simulated photometry, spectroscopy, and Bayesian inference with stochastic stellar populations}",
  journal = {\mnras},
archivePrefix = "arXiv",
   eprint = {1502.05408},
 keywords = {methods: numerical, methods: statistical, techniques: photometric, stars: formation, galaxies: star clusters: general, galaxies: stellar content},
     year = 2015,
    month = sep,
   volume = 452,
    pages = {1447-1467},
      doi = {10.1093/mnras/stv1374},
   adsurl = {http://cdsads.u-strasbg.fr/abs/2015MNRAS.452.1447K},
  adsnote = {Provided by the SAO/NASA Astrophysics Data System}
}

@ARTICLE{ stenning16,
   author = {{Stenning}, D.~C. and {Wagner-Kaiser}, R. and {Robinson}, E. and 
	{van Dyk}, D.~A. and {von Hippel}, T. and {Sarajedini}, A. and 
	{Stein}, N.},
    title = "{Bayesian Analysis of Two Stellar Populations in Galactic Globular Clusters. I. Statistical and Computational Methods}",
  journal = {\apj},
archivePrefix = "arXiv",
   eprint = {1604.06073},
 primaryClass = "astro-ph.SR",
 keywords = {globular clusters: general, globular clusters: individual: NGC 5272, methods: data analysis, methods: statistical },
     year = 2016,
    month = jul,
   volume = 826,
      eid = {41},
    pages = {41},
      doi = {10.3847/0004-637X/826/1/41},
   adsurl = {http://cdsads.u-strasbg.fr/abs/2016ApJ...826...41S},
  adsnote = {Provided by the SAO/NASA Astrophysics Data System}
}

@ARTICLE{ mineo12,
   author = {{Mineo}, S. and {Gilfanov}, M. and {Sunyaev}, R.},
    title = "{X-ray emission from star-forming galaxies - I. High-mass X-ray binaries}",
  journal = {\mnras},
archivePrefix = "arXiv",
   eprint = {1105.4610},
 primaryClass = "astro-ph.HE",
 keywords = {stars: formation, galaxies: irregular, galaxies: spiral, galaxies: starburst, X-rays: binaries, X-rays: galaxies},
     year = 2012,
    month = jan,
   volume = 419,
    pages = {2095-2115},
      doi = {10.1111/j.1365-2966.2011.19862.x},
   adsurl = {http://cdsads.u-strasbg.fr/abs/2012MNRAS.419.2095M},
  adsnote = {Provided by the SAO/NASA Astrophysics Data System}
}

@ARTICLE{ grimm03,
   author = {{Grimm}, H.-J. and {Gilfanov}, M. and {Sunyaev}, R.},
    title = "{High-mass X-ray binaries as a star formation rate indicator in distant galaxies}",
  journal = {\mnras},
   eprint = {astro-ph/0205371},
 keywords = {galaxies: starburst, X-rays: binaries, X-rays: galaxies},
     year = 2003,
    month = mar,
   volume = 339,
    pages = {793-809},
      doi = {10.1046/j.1365-8711.2003.06224.x},
   adsurl = {http://cdsads.u-strasbg.fr/abs/2003MNRAS.339..793G},
  adsnote = {Provided by the SAO/NASA Astrophysics Data System}
}

@ARTICLE{ douna15,
   author = {{Douna}, V.~M. and {Pellizza}, L.~J. and {Mirabel}, I.~F. and 
	{Pedrosa}, S.~E.},
    title = "{Metallicity dependence of high-mass X-ray binary populations}",
  journal = {\aap},
archivePrefix = "arXiv",
   eprint = {1505.05483},
 keywords = {X-rays: binaries, galaxies: star formation, galaxies: abundances},
     year = 2015,
    month = jul,
   volume = 579,
      eid = {A44},
    pages = {A44},
      doi = {10.1051/0004-6361/201525617},
   adsurl = {http://cdsads.u-strasbg.fr/abs/2015A%26A...579A..44D},
  adsnote = {Provided by the SAO/NASA Astrophysics Data System}
}

@ARTICLE{ toonen14,
   author = {{Toonen}, S. and {Claeys}, J.~S.~W. and {Mennekens}, N. and 
	{Ruiter}, A.~J.},
    title = "{PopCORN: Hunting down the differences between binary population synthesis codes}",
  journal = {\aap},
archivePrefix = "arXiv",
   eprint = {1311.6503},
 primaryClass = "astro-ph.SR",
 keywords = {binaries: close, stars: evolution, white dwarfs},
     year = 2014,
    month = feb,
   volume = 562,
      eid = {A14},
    pages = {A14},
      doi = {10.1051/0004-6361/201321576},
   adsurl = {http://cdsads.u-strasbg.fr/abs/2014A%26A...562A..14T},
  adsnote = {Provided by the SAO/NASA Astrophysics Data System}
}

@ARTICLE{ linden10,
   author = {{Linden}, T. and {Kalogera}, V. and {Sepinsky}, J.~F. and {Prestwich}, A. and 
	{Zezas}, A. and {Gallagher}, J.~S.},
    title = "{The Effect of Starburst Metallicity on Bright X-ray Binary Formation Pathways}",
  journal = {\apj},
archivePrefix = "arXiv",
   eprint = {1005.1639},
 keywords = {galaxies: starburst, supernovae: general, X-rays: binaries},
     year = 2010,
    month = dec,
   volume = 725,
    pages = {1984-1994},
      doi = {10.1088/0004-637X/725/2/1984},
   adsurl = {http://cdsads.u-strasbg.fr/abs/2010ApJ...725.1984L},
  adsnote = {Provided by the SAO/NASA Astrophysics Data System}
}

@ARTICLE{ harris09,
   author = {{Harris}, J. and {Zaritsky}, D.},
    title = "{The Star Formation History of the Large Magellanic Cloud}",
  journal = {\aj},
archivePrefix = "arXiv",
   eprint = {0908.1422},
 keywords = {galaxies: evolution, galaxies: individual: Large Magellanic Cloud, galaxies: stellar content, Magellanic Clouds},
     year = 2009,
    month = nov,
   volume = 138,
    pages = {1243-1260},
      doi = {10.1088/0004-6256/138/5/1243},
   adsurl = {http://cdsads.u-strasbg.fr/abs/2009AJ....138.1243H},
  adsnote = {Provided by the SAO/NASA Astrophysics Data System}
}

@ARTICLE{ sturm13,
   author = {{Sturm}, R. and {Haberl}, F. and {Pietsch}, W. and {Ballet}, J. and 
	{Hatzidimitriou}, D. and {Buckley}, D.~A.~H. and {Coe}, M. and 
	{Ehle}, M. and {Filipovi{\'c}}, M.~D. and {La Palombara}, N. and 
	{Tiengo}, A.},
    title = "{The XMM-Newton survey of the Small Magellanic Cloud: The X-ray point-source catalogue}",
  journal = {\aap},
archivePrefix = "arXiv",
   eprint = {1307.7594},
 primaryClass = "astro-ph.HE",
 keywords = {galaxies: individual: Small Magellanic Cloud, galaxies: stellar content, X-rays: general, X-rays: binaries, catalogs},
     year = 2013,
    month = oct,
   volume = 558,
      eid = {A3},
    pages = {A3},
      doi = {10.1051/0004-6361/201219935},
   adsurl = {http://cdsads.u-strasbg.fr/abs/2013A%26A...558A...3S},
  adsnote = {Provided by the SAO/NASA Astrophysics Data System}
}

@ARTICLE{ laycock10,
   author = {{Laycock}, S. and {Zezas}, A. and {Hong}, J. and {Drake}, J.~J. and 
	{Antoniou}, V.},
    title = "{Exploring the Small Magellanic Cloud to the Faintest X-ray Fluxes: Source Catalog, Timing, and Spectral Analysis}",
  journal = {\apj},
archivePrefix = "arXiv",
   eprint = {0809.1738},
 keywords = {Magellanic Clouds, stars: emission-line, Be, stars: neutron, X-rays: binaries},
     year = 2010,
    month = jun,
   volume = 716,
    pages = {1217-1240},
      doi = {10.1088/0004-637X/716/2/1217},
   adsurl = {http://cdsads.u-strasbg.fr/abs/2010ApJ...716.1217L},
  adsnote = {Provided by the SAO/NASA Astrophysics Data System}
}

@ARTICLE{ haberl16,
   author = {{Haberl}, F. and {Sturm}, R.},
    title = "{High-mass X-ray binaries in the Small Magellanic Cloud}",
  journal = {\aap},
archivePrefix = "arXiv",
   eprint = {1511.00445},
 keywords = {Magellanic Clouds, galaxies: stellar content, stars: emission-line, Be, stars: neutron, X-rays: binaries, catalogs},
     year = 2016,
    month = feb,
   volume = 586,
      eid = {A81},
    pages = {A81},
      doi = {10.1051/0004-6361/201527326},
   adsurl = {http://cdsads.u-strasbg.fr/abs/2016A%26A...586A..81H},
  adsnote = {Provided by the SAO/NASA Astrophysics Data System}
}

@ARTICLE{ antoniou10,
   author = {{Antoniou}, V. and {Zezas}, A. and {Hatzidimitriou}, D. and 
	{Kalogera}, V.},
    title = "{Star Formation History and X-ray Binary Populations: The Case of the Small Magellanic Cloud}",
  journal = {\apjl},
archivePrefix = "arXiv",
   eprint = {1006.2381},
 primaryClass = "astro-ph.HE",
 keywords = {Magellanic Clouds, pulsars: general, stars: early-type, stars: emission-line, Be, stars: formation, X-rays: binaries},
     year = 2010,
    month = jun,
   volume = 716,
    pages = {L140-L145},
      doi = {10.1088/2041-8205/716/2/L140},
   adsurl = {http://cdsads.u-strasbg.fr/abs/2010ApJ...716L.140A},
  adsnote = {Provided by the SAO/NASA Astrophysics Data System}
}

@ARTICLE{ antoniou16,
   author = {{Antoniou}, V. and {Zezas}, A.},
    title = "{Star formation history and X-ray binary populations: the case of the Large Magellanic Cloud}",
  journal = {\mnras},
archivePrefix = "arXiv",
   eprint = {1603.08011},
 primaryClass = "astro-ph.HE",
 keywords = {stars: emission-line, Be, stars: formation, stars: neutron- pulsars: general -Magellanic Clouds, X-rays: binaries},
     year = 2016,
    month = jun,
   volume = 459,
    pages = {528-553},
      doi = {10.1093/mnras/stw167},
   adsurl = {http://cdsads.u-strasbg.fr/abs/2016MNRAS.459..528A},
  adsnote = {Provided by the SAO/NASA Astrophysics Data System}
}

@ARTICLE{ dray06,
   author = {{Dray}, L.~M.},
    title = "{On the metallicity dependence of high-mass X-ray binaries}",
  journal = {\mnras},
   eprint = {astro-ph/0606200},
 keywords = {binaries: close: stars: emission-line, Be: X-rays: binaries, binaries: close, stars: emission-line, Be, X-rays: binaries},
     year = 2006,
    month = aug,
   volume = 370,
    pages = {2079-2090},
      doi = {10.1111/j.1365-2966.2006.10635.x},
   adsurl = {http://cdsads.u-strasbg.fr/abs/2006MNRAS.370.2079D},
  adsnote = {Provided by the SAO/NASA Astrophysics Data System}
}

@ARTICLE{ sarazin01,
   author = {{Sarazin}, C.~L. and {Irwin}, J.~A. and {Bregman}, J.~N.},
    title = "{Chandra X-Ray Observations of the X-Ray Faint Elliptical Galaxy NGC 4697}",
  journal = {\apj},
   eprint = {astro-ph/0104070},
 keywords = {Stars: Binaries: Close, Galaxies: Elliptical and Lenticular, cD, Galaxies: ISM, X-Rays: Galaxies, X-Rays: ISM, X-Rays: Stars},
     year = 2001,
    month = aug,
   volume = 556,
    pages = {533-555},
      doi = {10.1086/321618},
   adsurl = {http://cdsads.u-strasbg.fr/abs/2001ApJ...556..533S},
  adsnote = {Provided by the SAO/NASA Astrophysics Data System}
}

@ARTICLE{ fabbiano01,
   author = {{Fabbiano}, G. and {Zezas}, A. and {Murray}, S.~S.},
    title = "{Chandra Observations of ``The Antennae'' Galaxies (NGC 4038/9)}",
  journal = {\apj},
   eprint = {astro-ph/0102256},
 keywords = {galaxies: individual (NGC 4038/9), Galaxies: Interactions, Galaxies: Peculiar, X-Rays: Galaxies},
     year = 2001,
    month = jun,
   volume = 554,
    pages = {1035-1043},
      doi = {10.1086/321397},
   adsurl = {http://cdsads.u-strasbg.fr/abs/2001ApJ...554.1035F},
  adsnote = {Provided by the SAO/NASA Astrophysics Data System}
}

@ARTICLE{ ho01,
   author = {{Ho}, L.~C. and {Feigelson}, E.~D. and {Townsley}, L.~K. and 
	{Sambruna}, R.~M. and {Garmire}, G.~P. and {Brandt}, W.~N. and 
	{Filippenko}, A.~V. and {Griffiths}, R.~E. and {Ptak}, A.~F. and 
	{Sargent}, W.~L.~W.},
    title = "{Detection of Nuclear X-Ray Sources in Nearby Galaxies with Chandra}",
  journal = {\apjl},
   eprint = {astro-ph/0102504},
 keywords = {Galaxies: Active, Galaxies: Nuclei, Galaxies: Seyfert, X-Rays: Galaxies},
     year = 2001,
    month = mar,
   volume = 549,
    pages = {L51-L54},
      doi = {10.1086/319138},
   adsurl = {http://cdsads.u-strasbg.fr/abs/2001ApJ...549L..51H},
  adsnote = {Provided by the SAO/NASA Astrophysics Data System}
}

@ARTICLE{ zezas02b,
   author = {{Zezas}, A. and {Fabbiano}, G. and {Rots}, A.~H. and {Murray}, S.~S.
	},
    title = "{Chandra Observations of ``The Antennae'' Galaxies (NGC 4038/4039). III. X-Ray Properties and Multiwavelength Associations of the X-Ray Source Population}",
  journal = {\apj},
 keywords = {Galaxies: Individual: NGC Number: NGC 4038/4039, Galaxies: Interactions, Galaxies: Peculiar, X-Rays: Galaxies},
     year = 2002,
    month = oct,
   volume = 577,
    pages = {710-725},
      doi = {10.1086/342160},
   adsurl = {http://cdsads.u-strasbg.fr/abs/2002ApJ...577..710Z},
  adsnote = {Provided by the SAO/NASA Astrophysics Data System}
}

@ARTICLE{ alexander03,
   author = {{Alexander}, D.~M. and {Bauer}, F.~E. and {Brandt}, W.~N. and 
	{Schneider}, D.~P. and {Hornschemeier}, A.~E. and {Vignali}, C. and 
	{Barger}, A.~J. and {Broos}, P.~S. and {Cowie}, L.~L. and {Garmire}, G.~P. and 
	{Townsley}, L.~K. and {Bautz}, M.~W. and {Chartas}, G. and {Sargent}, W.~L.~W.
	},
    title = "{The Chandra Deep Field North Survey. XIII. 2 Ms Point-Source Catalogs}",
  journal = {\aj},
   eprint = {astro-ph/0304392},
 keywords = {Cosmology: Observations, Cosmology: Diffuse Radiation, Galaxies: Active, Surveys, X-Rays},
     year = 2003,
    month = aug,
   volume = 126,
    pages = {539-574},
      doi = {10.1086/376473},
   adsurl = {http://cdsads.u-strasbg.fr/abs/2003AJ....126..539A},
  adsnote = {Provided by the SAO/NASA Astrophysics Data System}
}

@ARTICLE{ baganoff03,
   author = {{Baganoff}, F.~K. and {Maeda}, Y. and {Morris}, M. and {Bautz}, M.~W. and 
	{Brandt}, W.~N. and {Cui}, W. and {Doty}, J.~P. and {Feigelson}, E.~D. and 
	{Garmire}, G.~P. and {Pravdo}, S.~H. and {Ricker}, G.~R. and 
	{Townsley}, L.~K.},
    title = "{Chandra X-Ray Spectroscopic Imaging of Sagittarius A* and the Central Parsec of the Galaxy}",
  journal = {\apj},
   eprint = {astro-ph/0102151},
 keywords = {Accretion, Accretion Disks, Black Hole Physics, Galaxies: Active, Galaxy: Center, X-Rays: ISM, X-Rays: Stars},
     year = 2003,
    month = jul,
   volume = 591,
    pages = {891-915},
      doi = {10.1086/375145},
   adsurl = {http://cdsads.u-strasbg.fr/abs/2003ApJ...591..891B},
  adsnote = {Provided by the SAO/NASA Astrophysics Data System}
}

@ARTICLE{ swartz04,
   author = {{Swartz}, D.~A. and {Ghosh}, K.~K. and {Tennant}, A.~F. and 
	{Wu}, K.},
    title = "{The Ultraluminous X-Ray Source Population from the Chandra Archive of Galaxies}",
  journal = {\apjs},
   eprint = {astro-ph/0405498},
 keywords = {Galaxies: General, Surveys, X-Rays: Binaries, X-Rays: Galaxies, X-Rays: General},
     year = 2004,
    month = oct,
   volume = 154,
    pages = {519-539},
      doi = {10.1086/422842},
   adsurl = {http://cdsads.u-strasbg.fr/abs/2004ApJS..154..519S},
  adsnote = {Provided by the SAO/NASA Astrophysics Data System}
}

@ARTICLE{ zezas02a,
   author = {{Zezas}, A. and {Fabbiano}, G. and {Rots}, A.~H. and {Murray}, S.~S.
	},
    title = "{Chandra Observations of ``The Antennae'' Galaxies (NGC 4038/4039). II. Detection and Analysis of Galaxian X-Ray Sources}",
  journal = {\apjs},
   eprint = {astro-ph/0203174},
 keywords = {Galaxies: Individual: NGC Number: NGC 4038/4039, Galaxies: Interactions, Galaxies: Peculiar, X-Rays: Galaxies},
     year = 2002,
    month = oct,
   volume = 142,
    pages = {239-260},
      doi = {10.1086/342010},
   adsurl = {http://cdsads.u-strasbg.fr/abs/2002ApJS..142..239Z},
  adsnote = {Provided by the SAO/NASA Astrophysics Data System}
}

@ARTICLE{ kaaret04,
   author = {{Kaaret}, P. and {Alonso-Herrero}, A. and {Gallagher}, J.~S. and 
	{Fabbiano}, G. and {Zezas}, A. and {Rieke}, M.~J.},
    title = "{Displacement of X-ray sources from star clusters in starburst galaxies}",
  journal = {\mnras},
   eprint = {astro-ph/0312568},
 keywords = {galaxies: individual: M82, galaxies: individual: NGC 1569, galaxies: individual: NGC 5253, galaxies: starburst, galaxies: stellar content, X-rays: galaxies},
     year = 2004,
    month = feb,
   volume = 348,
    pages = {L28-L32},
      doi = {10.1111/j.1365-2966.2004.07516.x},
   adsurl = {http://cdsads.u-strasbg.fr/abs/2004MNRAS.348L..28K},
  adsnote = {Provided by the SAO/NASA Astrophysics Data System}
}

@ARTICLE{ harris04,
   author = {{Harris}, J. and {Zaritsky}, D.},
    title = "{The Star Formation History of the Small Magellanic Cloud}",
  journal = {\aj},
   eprint = {astro-ph/0312100},
 keywords = {Galaxies: Evolution, Galaxies: Individual: Name: Small Magellanic Cloud, Galaxies: Stellar Content, Galaxies: Magellanic Clouds},
     year = 2004,
    month = mar,
   volume = 127,
    pages = {1531-1544},
      doi = {10.1086/381953},
   adsurl = {http://cdsads.u-strasbg.fr/abs/2004AJ....127.1531H},
  adsnote = {Provided by the SAO/NASA Astrophysics Data System}
}

@ARTICLE{ sepinsky05,
   author = {{Sepinsky}, J. and {Kalogera}, V. and {Belczynski}, K.},
    title = "{Are Supernova Kicks Responsible for X-Ray Binary Ejection from Young Clusters?}",
  journal = {\apjl},
   eprint = {astro-ph/0411425},
 keywords = {Galaxies: Star Clusters, Methods: Statistical, X-Rays: Binaries},
     year = 2005,
    month = mar,
   volume = 621,
    pages = {L37-L40},
      doi = {10.1086/428942},
   adsurl = {http://cdsads.u-strasbg.fr/abs/2005ApJ...621L..37S},
  adsnote = {Provided by the SAO/NASA Astrophysics Data System}
}

@ARTICLE{ zuo10,
   author = {{Zuo}, Z.-Y. and {Li}, X.-D.},
    title = "{On the displacement of X-ray binaries from star clusters in starburst galaxies}",
  journal = {\mnras},
archivePrefix = "arXiv",
   eprint = {1003.2484},
 primaryClass = "astro-ph.HE",
 keywords = {binaries: close, stars: evolution, stars: statistics, galaxies: starburst, X-rays: binaries, X-rays: galaxies: clusters},
     year = 2010,
    month = jul,
   volume = 405,
    pages = {2768-2784},
      doi = {10.1111/j.1365-2966.2010.16658.x},
   adsurl = {http://cdsads.u-strasbg.fr/abs/2010MNRAS.405.2768Z},
  adsnote = {Provided by the SAO/NASA Astrophysics Data System}
}

@ARTICLE{ zuo15,
   author = {{Zuo}, Z.-Y.},
    title = "{Displacement of X-ray binaries: constraints on the natal kicks}",
  journal = {\aap},
 keywords = {stars: evolution, X-rays: binaries, X-rays: galaxies: clusters, X-rays: general, galaxies: starburst, binaries: general},
     year = 2015,
    month = jan,
   volume = 573,
      eid = {A58},
    pages = {A58},
      doi = {10.1051/0004-6361/201424604},
   adsurl = {http://cdsads.u-strasbg.fr/abs/2015A%26A...573A..58Z},
  adsnote = {Provided by the SAO/NASA Astrophysics Data System}
}

@ARTICLE{ bhadkamkar12,
   author = {{Bhadkamkar}, H. and {Ghosh}, P.},
    title = "{Collective Properties of X-Ray Binary Populations of Galaxies. I. Luminosity and Orbital Period Distributions of High-mass X-Ray Binaries}",
  journal = {\apj},
archivePrefix = "arXiv",
   eprint = {1111.3817},
 primaryClass = "astro-ph.HE",
 keywords = {binaries: close, stars: massive, stars: neutron, supernovae: general, X-rays: binaries, X-rays: galaxies},
     year = 2012,
    month = feb,
   volume = 746,
      eid = {22},
    pages = {22},
      doi = {10.1088/0004-637X/746/1/22},
   adsurl = {http://cdsads.u-strasbg.fr/abs/2012ApJ...746...22B},
  adsnote = {Provided by the SAO/NASA Astrophysics Data System}
}

@ARTICLE{ hobbs05,
   author = {{Hobbs}, G. and {Lorimer}, D.~R. and {Lyne}, A.~G. and {Kramer}, M.
	},
    title = "{A statistical study of 233 pulsar proper motions}",
  journal = {\mnras},
   eprint = {astro-ph/0504584},
 keywords = {stars: kinematics, pulsars: general},
     year = 2005,
    month = jul,
   volume = 360,
    pages = {974-992},
      doi = {10.1111/j.1365-2966.2005.09087.x},
   adsurl = {http://cdsads.u-strasbg.fr/abs/2005MNRAS.360..974H},
  adsnote = {Provided by the SAO/NASA Astrophysics Data System}
}

@ARTICLE{ hurley00,
   author = {{Hurley}, J.~R. and {Pols}, O.~R. and {Tout}, C.~A.},
    title = "{Comprehensive analytic formulae for stellar evolution as a function of mass and metallicity}",
  journal = {\mnras},
   eprint = {astro-ph/0001295},
 keywords = {METHODS: ANALYTICAL, STARS: EVOLUTION, STARS: FUNDAMENTAL PARAMETERS, STARS: MASS-LOSS, STARS: POPULATION II, GALAXIES: STELLAR CONTENT},
     year = 2000,
    month = jul,
   volume = 315,
    pages = {543-569},
      doi = {10.1046/j.1365-8711.2000.03426.x},
   adsurl = {http://cdsads.u-strasbg.fr/abs/2000MNRAS.315..543H},
  adsnote = {Provided by the SAO/NASA Astrophysics Data System}
}

@ARTICLE{ hurley02,
   author = {{Hurley}, J.~R. and {Tout}, C.~A. and {Pols}, O.~R.},
    title = "{Evolution of binary stars and the effect of tides on binary populations}",
  journal = {\mnras},
   eprint = {astro-ph/0201220},
 keywords = {METHODS: ANALYTICAL, METHODS: STATISTICAL, BINARIES: GENERAL, STARS: EVOLUTION, STARS: VARIABLES: OTHER, GALAXIES: STELLAR CONTENT},
     year = 2002,
    month = feb,
   volume = 329,
    pages = {897-928},
      doi = {10.1046/j.1365-8711.2002.05038.x},
   adsurl = {http://cdsads.u-strasbg.fr/abs/2002MNRAS.329..897H},
  adsnote = {Provided by the SAO/NASA Astrophysics Data System}
}

@ARTICLE{ hills83,
   author = {{Hills}, J.~G.},
    title = "{The effects of sudden mass loss and a random kick velocity produced in a supernova explosion on the dynamics of a binary star of arbitrary orbital eccentricity - Applications to X-ray binaries and to the binary pulsars}",
  journal = {\apj},
 keywords = {Binary Stars, Eccentric Orbits, Pulsars, Stellar Mass Ejection, Stellar Rotation, Supernovae, X Ray Binaries, Orbit Calculation, Orbit Perturbation, Orbital Elements, Stellar Envelopes, Supernova Remnants, X Ray Sources},
     year = 1983,
    month = apr,
   volume = 267,
    pages = {322-333},
      doi = {10.1086/160871},
   adsurl = {http://cdsads.u-strasbg.fr/abs/1983ApJ...267..322H},
  adsnote = {Provided by the SAO/NASA Astrophysics Data System}
}

@ARTICLE{ kalogera96,
   author = {{Kalogera}, V.},
    title = "{Orbital Characteristics of Binary Systems after Asymmetric Supernova Explosions}",
  journal = {\apj},
   eprint = {astro-ph/9605186},
 keywords = {STARS: BINARIES: GENERAL, STARS: KINEMATICS, STARS: NEUTRON, STARS: SUPERNOVAE: GENERAL},
     year = 1996,
    month = nov,
   volume = 471,
    pages = {352},
      doi = {10.1086/177974},
   adsurl = {http://cdsads.u-strasbg.fr/abs/1996ApJ...471..352K},
  adsnote = {Provided by the SAO/NASA Astrophysics Data System}
}

@ARTICLE{ foreman-mackey13,
   author = {{Foreman-Mackey}, D. and {Hogg}, D.~W. and {Lang}, D. and {Goodman}, J.
	},
    title = "{emcee: The MCMC Hammer}",
  journal = {\pasp},
archivePrefix = "arXiv",
   eprint = {1202.3665},
 primaryClass = "astro-ph.IM",
     year = 2013,
    month = mar,
   volume = 125,
    pages = {306-312},
      doi = {10.1086/670067},
   adsurl = {http://cdsads.u-strasbg.fr/abs/2013PASP..125..306F},
  adsnote = {Provided by the SAO/NASA Astrophysics Data System}
}

@ARTICLE{ goodman10,
   author = {{Goodman}, J. and {Weare}, J.},
    title = "{Ensemble samplers with affine invariance}",
  journal = {Comm. App. Math. Comp. Sci.},
     year = 2010,
   volume = 5,
    pages = {65-80},
      doi = {10.1086/319535}
}

@ARTICLE{ bell95,
   author = {{Bell}, J.~F. and {Bessell}, M.~S. and {Stappers}, B.~W. and 
	{Bailes}, M. and {Kaspi}, V.~M.},
    title = "{PSR J0045-7319: A Dual-Line Binary Radio Pulsar}",
  journal = {\apjl},
   eprint = {astro-ph/9505044},
 keywords = {STARS: PULSARS: INDIVIDUAL ALPHANUMERIC: PSR J0045-7319, STARS: FUNDAMENTAL PARAMETERS, STARS: BINARIES: SPECTROSCOPIC},
     year = 1995,
    month = jul,
   volume = 447,
    pages = {L117},
      doi = {10.1086/309565},
   adsurl = {http://cdsads.u-strasbg.fr/abs/1995ApJ...447L.117B},
  adsnote = {Provided by the SAO/NASA Astrophysics Data System}
}

@ARTICLE{ duquennoy91,
   author = {{Duquennoy}, A. and {Mayor}, M.},
    title = "{Multiplicity among solar-type stars in the solar neighbourhood. II - Distribution of the orbital elements in an unbiased sample}",
  journal = {\aap},
 keywords = {Binary Stars, Dwarf Stars, G Stars, Solar Neighborhood, Stellar Orbits, Brown Dwarf Stars, Orbital Elements, Peculiar Stars, Radial Velocity, Stellar Evolution, Variable Stars},
     year = 1991,
    month = aug,
   volume = 248,
    pages = {485-524},
   adsurl = {http://cdsads.u-strasbg.fr/abs/1991A%26A...248..485D},
  adsnote = {Provided by the SAO/NASA Astrophysics Data System}
}

